@inproceedings{JonesSoundSub,
 author = {Jones, Timothy and Pearce, David J.},
 title = {A Mechanical Soundness Proof for Subtyping Over Recursive Types},
 booktitle = {Proceedings of the 18th Workshop on Formal Techniques for Java-like Programs},
 series = {FTfJP'16},
 year = {2016},
 isbn = {978-1-4503-4439-5},
 location = {Rome, Italy},
 pages = {1:1--1:6},
 articleno = {1},
 numpages = {6},
 url = {http://doi.acm.org/10.1145/2955811.2955812},
 doi = {10.1145/2955811.2955812},
 acmid = {2955812},
 publisher = {ACM},
 address = {New York, NY, USA},
} 